@inproceedings{fowler2000qccpack,
  title={QccPack: An open-source software library for quantization, compression, and coding},
  author={Fowler, James E},
  booktitle={International Symposium on Optical Science and Technology},
  pages={294--301},
  year={2000},
  organization={International Society for Optics and Photonics}
}

@article{said1996new,
  title={A new, fast, and efficient image codec based on set partitioning in hierarchical trees},
  author={Said, Amir and Pearlman, William and others},
  journal={Circuits and Systems for Video Technology, IEEE Transactions on},
  volume={6},
  number={3},
  pages={243--250},
  year={1996},
  publisher={IEEE}
}
@article{pearlman2004efficient,
  title={Efficient, low-complexity image coding with a set-partitioning embedded block coder},
  author={Pearlman, William and Islam, Asad and Nagaraj, Nithin and Said, Amir and others},
  journal={Circuits and Systems for Video Technology, IEEE Transactions on},
  volume={14},
  number={11},
  pages={1219--1235},
  year={2004},
  publisher={IEEE}
}
@inproceedings{kim1997embedded,
  title={An embedded wavelet video coder using three-dimensional set partitioning in hierarchical trees (SPIHT)},
  author={Kim, Beong-Jo and Pearlman, William and others},
  booktitle={Data Compression Conference, 1997. DCC'97. Proceedings},
  pages={251--260},
  year={1997},
  organization={IEEE}
}
@incollection{tang2006three,
  title={Three-dimensional wavelet-based compression of hyperspectral images},
  author={Tang, Xiaoli and Pearlman, William A},
  booktitle={Hyperspectral Data Compression},
  pages={273--308},
  year={2006},
  publisher={Springer}
}
@article{clyne2007interactive,
  title={Interactive desktop analysis of high resolution simulations: application to turbulent plume dynamics and current sheet formation},
  author={Clyne, John and Mininni, Pablo and Norton, Alan and Rast, Mark},
  journal={New Journal of Physics},
  volume={9},
  number={8},
  pages={301},
  year={2007},
  publisher={IOP Publishing}
}
@inproceedings{clyne2003multiresolution,
  title={{The multiresolution toolkit: Progressive access for regular gridded data}},
  author={Clyne, John},
  booktitle={Proceedings of Visualization, Imaging, and Image Processing 2003},
  pages={152--157},
  year={2003}
}
@inproceedings{clyne2005prototype,
  title={A prototype discovery environment for analyzing and visualizing terascale turbulent fluid flow simulations},
  author={Clyne, John and Rast, Mark},
  booktitle={Electronic Imaging 2005},
  pages={284--294},
  year={2005},
  organization={International Society for Optics and Photonics}
}
@incollection{gruchalla2009visualization,
  title={Visualization-driven structural and statistical analysis of turbulent flows},
  author={Gruchalla, Kenny and Rast, Mark and Bradley, Elizabeth and Clyne, John and Mininni, Pablo},
  booktitle={Advances in Intelligent Data Analysis VIII},
  pages={321--332},
  year={2009},
  publisher={Springer}
}
@InCollection{HPV:VisIt,
author = {Hank Childs and Eric Brugger and Brad Whitlock and Jeremy Meredith and Sean Ahern and David Pugmire and Kathleen Biagas and Mark Miller and Cyrus Harrison and Gunther H. Weber and Hari Krishnan and Thomas Fogal and Allen Sanderson and Christoph Garth and E. Wes Bethel and David Camp and Oliver R\"{u}bel and Marc Durant and Jean M. Favre and Paul Navr\'{a}til},
title = {{VisIt: An End-User Tool For Visualizing and Analyzing Very Large Data}},
year = "2012",
pages = "357-372",
month = "Oct",
booktitle = {{High Performance Visualization--Enabling Extreme-Scale Scientific Insight}},
}
@article{gaither2012visual,
  title={{Visual Analytics for Finding Critical Structures in Massive Time-Varying Turbulent-Flow Simulations}},
  author={Gaither, Kelly P and Childs, Hank and Schulz, Karl W and Harrison, Cyrus and Barth, William and Donzis, Diego and Yeung, Pui-Kuen},
  journal={IEEE Computer Graphics and Applications},
  volume={32},
  number={4},
  pages={0034--45},
  year={2012},
  publisher={IEEE Computer Society}
}
@article{childs2010extreme,
  title={Extreme scaling of production visualization software on diverse architectures},
  author={Childs, Hank and Pugmire, David and Ahern, Sean and Whitlock, Brad and Howison, Mark and Prabhat, M and Weber, G and Bethel, W},
  year={2010},
  publisher={IEEE}
}
@inproceedings{Harrison:EGPGV11,
  author    = {Cyrus Harrison and Hank Childs and Kelly P. Gaither},
  title     = {{Data-Parallel Mesh Connected Components Labeling and Analysis}},
  booktitle = {Proceedings of EuroGraphics Symposium on Parallel Graphics and Visualization (EGPGV)},
  month     = apr,
  year      = {2011},
  pages     = {131-140},
  address   = { Llandudno, Wales },
  ee        = {http://dx.doi.org/10.2312/EGPGV/EGPGV11/131-140},
}

@inproceedings{li2015evaluating,
  title={Evaluating the Efficacy of Wavelet Configurations on Turbulent-Flow Data},
  author={Li, Shaomeng and Gruchalla, Kenny and Potter, Kristin and Clyne, John and Childs, Hank},
  booktitle={IEEE Symposium on Large Data Analysis and Visualization (LDAV)},
  year={2015},
  organization={IEEE}
}


@misc{ qcc1,
   author = "James Fowler",
   title = "{Re: [QccPack-users] Re: Doubts on SPIHT3D and JPEG2000}",
   year = "2004",
   url = "\url{http://sourceforge.net/p/qccpack/mailman/qccpack-users/?viewmonth=200407}",
   note = "[Online; accessed 28-September-2015]"
 }
